@book{autor00,
  title     = "Název knihy : podnázev",
  edition	= "Vydání",
  author    = "Příjmení, Jméno",
  year      = "rok vydání",
  publisher = "Název nakladatelství",
  address   = "Místo vydání",
  isbn		= "ISBN"
}